@InProceedings{drive_and_act_2019_iccv,
author = {Martin, Manuel and Roitberg, Alina and Haurilet, Monica and Horne, Matthias and Rei√ü, Simon and Voit, Michael and Stiefelhagen, Rainer},
title = {Drive&Act: A Multi-modal Dataset for Fine-grained Driver Behavior Recognition in Autonomous Vehicles},
booktitle = {The IEEE International Conference on Computer Vision (ICCV)},
month = {Oct},
year = {2019}
}
@misc{carreira2018quovadisactionrecognition,
      title={Quo Vadis, Action Recognition? A New Model and the Kinetics Dataset}, 
      author={Joao Carreira and Andrew Zisserman},
      year={2018},
      eprint={1705.07750},
      archivePrefix={arXiv},
      primaryClass={cs.CV},
      url={https://arxiv.org/abs/1705.07750}, 
}